<?xml version="1.0" encoding="UTF-8"?><collection xmlns="http://www.loc.gov/MARC21/slim"><record><leader>00538nam--2200181-i-4500</leader><controlfield tag="001">000035025</controlfield><controlfield tag="002">20161230</controlfield><controlfield tag="005">20161230201040</controlfield><controlfield tag="008">060222s1000------------r-----000-0-fre-d</controlfield><datafield ind1=" " ind2=" " tag="040"><subfield code="a">IFIN-HH</subfield></datafield><datafield ind1=" " ind2=" " tag="041"><subfield code="a">fre</subfield></datafield><datafield ind1=" " ind2=" " tag="080"><subfield code="a">539.173</subfield></datafield><datafield ind1="1" ind2=" " tag="100"><subfield code="a">Nifenecker, Herve</subfield></datafield><datafield ind1="1" ind2="0" tag="245"><subfield code="a">Influence de la charge des fragments sur le processus d`emission des neutrons de fission du 252cf</subfield><subfield code="b">These</subfield><subfield code="c">Herve nifenecker</subfield></datafield><datafield ind1=" " ind2=" " tag="260"><subfield code="a">Orsay</subfield><subfield code="b">Faculte Des Sciences</subfield><subfield code="c">1970</subfield></datafield><datafield ind1=" " ind2=" " tag="300"><subfield code="a">90P. + 32 TBL</subfield></datafield><datafield ind1=" " ind2=" " tag="852"><subfield code="a">35823</subfield><subfield code="c">539.17</subfield></datafield><datafield ind1=" " ind2=" " tag="CAT"><subfield code="a">Sys</subfield><subfield code="c">20120607</subfield><subfield code="h">154704</subfield></datafield></record></collection>